<?xml version="1.0" encoding="UTF-8"?>
  <record xmlns="http://www.loc.gov/MARC21/slim" type="Authority">
    <leader>00000nz  a2200000oc 4500</leader>
    <controlfield tag="001">040050440</controlfield>
    <controlfield tag="003">DE-101</controlfield>
    <controlfield tag="005">20220415151500.0</controlfield>
    <controlfield tag="008">880701n||azznnaabn           | ana    |c</controlfield>
    <datafield tag="024" ind1="7" ind2=" ">
      <subfield code="a">4005044-0</subfield>
      <subfield code="0">http://d-nb.info/gnd/4005044-0</subfield>
      <subfield code="2">gnd</subfield>
    </datafield>
    <datafield tag="034" ind1=" " ind2=" ">
      <subfield code="d">E 011 30 00</subfield>
      <subfield code="e">E 011 30 00</subfield>
      <subfield code="f">N 049 00 00</subfield>
      <subfield code="g">N 049 00 00</subfield>
      <subfield code="2">geonames</subfield>
      <subfield code="0">https://sws.geonames.org/2951839</subfield>
      <subfield code="9">A:agx</subfield>
    </datafield>
    <datafield tag="034" ind1=" " ind2=" ">
      <subfield code="d">E011.500000</subfield>
      <subfield code="e">E011.500000</subfield>
      <subfield code="f">N049.000000</subfield>
      <subfield code="g">N049.000000</subfield>
      <subfield code="2">geonames</subfield>
      <subfield code="0">https://sws.geonames.org/2951839</subfield>
      <subfield code="9">A:dgx</subfield>
    </datafield>
    <datafield tag="035" ind1=" " ind2=" ">
      <subfield code="a">(DE-101)040050440</subfield>
    </datafield>
    <datafield tag="035" ind1=" " ind2=" ">
      <subfield code="a">(DE-588)4005044-0</subfield>
    </datafield>
    <datafield tag="035" ind1=" " ind2=" ">
      <subfield code="z">(DE-588)1086355172</subfield>
    </datafield>
    <datafield tag="035" ind1=" " ind2=" ">
      <subfield code="z">(DE-588)108517445X</subfield>
    </datafield>
    <datafield tag="035" ind1=" " ind2=" ">
      <subfield code="z">(DE-588)1003659-3</subfield>
    </datafield>
    <datafield tag="035" ind1=" " ind2=" ">
      <subfield code="z">(DE-588b)10291652-4</subfield>
    </datafield>
    <datafield tag="035" ind1=" " ind2=" ">
      <subfield code="z">(DE-101c)320170594</subfield>
    </datafield>
    <datafield tag="035" ind1=" " ind2=" ">
      <subfield code="z">(DE-588b)1003659-3</subfield>
      <subfield code="9">v:zg</subfield>
    </datafield>
    <datafield tag="035" ind1=" " ind2=" ">
      <subfield code="z">(DE-588c)4005044-0</subfield>
      <subfield code="9">v:zg</subfield>
    </datafield>
    <datafield tag="040" ind1=" " ind2=" ">
      <subfield code="a">DE-101</subfield>
      <subfield code="c">DE-101</subfield>
      <subfield code="9">r:DE-101</subfield>
      <subfield code="b">ger</subfield>
      <subfield code="d">9999</subfield>
    </datafield>
    <datafield tag="042" ind1=" " ind2=" ">
      <subfield code="a">gndz</subfield>
    </datafield>
    <datafield tag="043" ind1=" " ind2=" ">
      <subfield code="c">XA-DE-BY</subfield>
    </datafield>
    <datafield tag="075" ind1=" " ind2=" ">
      <subfield code="b">g</subfield>
      <subfield code="2">gndgen</subfield>
    </datafield>
    <datafield tag="075" ind1=" " ind2=" ">
      <subfield code="b">gik</subfield>
      <subfield code="b">gif</subfield>
      <subfield code="2">gndspec</subfield>
    </datafield>
    <datafield tag="079" ind1=" " ind2=" ">
      <subfield code="a">g</subfield>
      <subfield code="q">s</subfield>
      <subfield code="q">f</subfield>
      <subfield code="u">w</subfield>
      <subfield code="u">z</subfield>
      <subfield code="u">v</subfield>
      <subfield code="u">o</subfield>
    </datafield>
    <datafield tag="083" ind1="0" ind2="4">
      <subfield code="z">2</subfield>
      <subfield code="a">433</subfield>
      <subfield code="9">d:4</subfield>
      <subfield code="9">t:2007-01-01</subfield>
      <subfield code="2">22/ger</subfield>
    </datafield>
    <datafield tag="151" ind1=" " ind2=" ">
      <subfield code="a">Bayern</subfield>
    </datafield>
    <datafield tag="451" ind1=" " ind2=" ">
      <subfield code="a">Herzogtum Bayern</subfield>
    </datafield>
    <datafield tag="451" ind1=" " ind2=" ">
      <subfield code="a">Königreich Bayern</subfield>
    </datafield>
    <datafield tag="451" ind1=" " ind2=" ">
      <subfield code="a">Churbayern</subfield>
    </datafield>
    <datafield tag="451" ind1=" " ind2=" ">
      <subfield code="a">Bavaria</subfield>
    </datafield>
    <datafield tag="451" ind1=" " ind2=" ">
      <subfield code="a">Kurfürstentum Bayern</subfield>
    </datafield>
    <datafield tag="451" ind1=" " ind2=" ">
      <subfield code="a">Kurbayern</subfield>
    </datafield>
    <datafield tag="451" ind1=" " ind2=" ">
      <subfield code="a">Freistaat Bayern</subfield>
    </datafield>
    <datafield tag="451" ind1=" " ind2=" ">
      <subfield code="a">Stammesherzogtum Bayern</subfield>
    </datafield>
    <datafield tag="451" ind1=" " ind2=" ">
      <subfield code="a">Bavarian State</subfield>
    </datafield>
    <datafield tag="451" ind1=" " ind2=" ">
      <subfield code="a">Bayerischer Staat</subfield>
    </datafield>
    <datafield tag="451" ind1=" " ind2=" ">
      <subfield code="a">Baiern</subfield>
    </datafield>
    <datafield tag="451" ind1=" " ind2=" ">
      <subfield code="a">Volksstaat Bayern</subfield>
    </datafield>
    <datafield tag="451" ind1=" " ind2=" ">
      <subfield code="a">Bavière</subfield>
    </datafield>
    <datafield tag="451" ind1=" " ind2=" ">
      <subfield code="a">Bayrn</subfield>
    </datafield>
    <datafield tag="451" ind1=" " ind2=" ">
      <subfield code="a">BY</subfield>
      <subfield code="4">abku</subfield>
      <subfield code="4">https://d-nb.info/standards/elementset/gnd#abbreviatedNameForThePlaceOrGeographicName</subfield>
      <subfield code="w">r</subfield>
      <subfield code="i">Abkuerzung</subfield>
    </datafield>
    <datafield tag="550" ind1=" " ind2=" ">
      <subfield code="0">(DE-101)950461598</subfield>
      <subfield code="0">(DE-588)4454464-9</subfield>
      <subfield code="0">https://d-nb.info/gnd/4454464-9</subfield>
      <subfield code="a">Bayern</subfield>
      <subfield code="g">Volk</subfield>
      <subfield code="4">vbal</subfield>
      <subfield code="4">https://d-nb.info/standards/elementset/gnd#relatedTerm</subfield>
      <subfield code="w">r</subfield>
      <subfield code="i">Verwandter Begriff</subfield>
    </datafield>
    <datafield tag="551" ind1=" " ind2=" ">
      <subfield code="0">(DE-101)000159662</subfield>
      <subfield code="0">(DE-588)15966-9</subfield>
      <subfield code="0">https://d-nb.info/gnd/15966-9</subfield>
      <subfield code="a">Pfalz-Bayern</subfield>
      <subfield code="4">rela</subfield>
      <subfield code="4">https://d-nb.info/standards/elementset/gnd#relatedPlaceOrGeographicName</subfield>
      <subfield code="w">r</subfield>
      <subfield code="i">Relation allgemein</subfield>
    </datafield>
    <datafield tag="667" ind1=" " ind2=" ">
      <subfield code="a">Bearbeitungssperre (Top500) - Änderungswünsche an DNB</subfield>
    </datafield>
    <datafield tag="667" ind1=" " ind2=" ">
      <subfield code="a">Beispiel in RSWK 4. Aufl.</subfield>
    </datafield>
    <datafield tag="670" ind1=" " ind2=" ">
      <subfield code="a">Geo-Du.</subfield>
    </datafield>
    <datafield tag="670" ind1=" " ind2=" ">
      <subfield code="a">M</subfield>
    </datafield>
    <datafield tag="670" ind1=" " ind2=" ">
      <subfield code="a">B 1986</subfield>
    </datafield>
    <datafield tag="670" ind1=" " ind2=" ">
      <subfield code="a">Handbuch der bayerischen Geschichte. Bd. 2. - 2. Aufl. - 1988</subfield>
    </datafield>
    <datafield tag="670" ind1=" " ind2=" ">
      <subfield code="a">Homepage</subfield>
      <subfield code="b">Stand: 20.04.2022</subfield>
      <subfield code="u">https://www.bayern.de/</subfield>
    </datafield>
    <datafield tag="678" ind1=" " ind2=" ">
      <subfield code="b">1255 - 1340 und 1349 - 1392 Teilung in die Herzogtümer Oberbayern und Niederbayern, später Teilung in die Herzogtümer Niederbayern-Straubing-Holland (1353 - 1425/29, die niederländischen Gebiete gingen 1425 an Burgund, Niederbayern-Straubing wurde 1429 zwischen den drei übrigen bayerischen Herzogtümern aufgeteilt), Bayern-Ingolstadt (19.11.1392 - 1447, an Bayern-Landshut), Bayern-Landshut (19.11.1392 - 30.7.1505, mit Bayern-München vereinigt) und Bayern-München (19.11.1392 - 30.7.1505). Die Primogeniturordnung vom 8.7.1506 beendete die Landesteilungen. Kurfürstentum 1623 - 31.12.1805. Königreich 1.1.1806 - 8.11.1918.</subfield>
    </datafield>
    <datafield tag="751" ind1=" " ind2="7">
      <subfield code="0">(DE-101)969989725</subfield>
      <subfield code="0">(ZBW)16842-0</subfield>
      <subfield code="0">https://zbw.eu/stw/descriptor/16842-0</subfield>
      <subfield code="a">Bayern</subfield>
      <subfield code="4">EQ</subfield>
      <subfield code="i">Aequivalenz</subfield>
      <subfield code="2">stw</subfield>
    </datafield>
    <datafield tag="751" ind1=" " ind2="7">
      <subfield code="0">(DE-101)970536437</subfield>
      <subfield code="0">(GESIS)10037766</subfield>
      <subfield code="0">http://lod.gesis.org/thesoz/concept_10037766</subfield>
      <subfield code="a">Bayern</subfield>
      <subfield code="4">=EQ</subfield>
      <subfield code="i">exakte Aequivalenz</subfield>
      <subfield code="2">thesoz</subfield>
    </datafield>
    <datafield tag="913" ind1=" " ind2=" ">
      <subfield code="S">swd</subfield>
      <subfield code="i">g</subfield>
      <subfield code="a">Bayern</subfield>
      <subfield code="0">(DE-588c)4005044-0</subfield>
    </datafield>
    <datafield tag="913" ind1=" " ind2=" ">
      <subfield code="S">gkd</subfield>
      <subfield code="i">a</subfield>
      <subfield code="a">Bayern</subfield>
      <subfield code="0">(DE-588b)1003659-3</subfield>
    </datafield>
  </record>
